% This file was created with JabRef 2.4.2.
% Encoding: Cp1252

@ARTICLE{CH06,
  author = {McCauley, S. and Hein J.},
  title = {Using hidden Markov models and observed evolution to annotate viral
	genomes},
  journal = {Bioinformatics},
  year = {2006},
  volume = {22},
  pages = {1308--1316},
  number = {11},
  owner = {petit},
  timestamp = {2010.02.05}
}

@ARTICLE{SMC99,
  author = {Shmatkov, A.M and Meikyan, A.A. and Chernousko, F.L. and Borodovsky,
	M.},
  title = {Finding prokaryotic genes by the 'frame-by-fram' algorithm: targeting
	gene starts and overlapping genes},
  journal = {Bioinformatics},
  year = {1999},
  volume = {11},
  pages = {874--886},
  owner = {petit},
  timestamp = {2010.07.14}
}

